@article{brueckner2000urban,
  title={Urban sprawl: Diagnosis and remedies},
  author={Brueckner, Jan K},
  journal={International regional science review},
  volume={23},
  number={2},
  pages={160--171},
  year={2000},
  publisher={Sage Publications Sage CA: Thousand Oaks, CA}
}

@techreport{glaeser2020economic,
  title={Economic analysis and infrastructure investment},
  author={Glaeser, Edward L and Poterba, James M},
  year={2020},
  institution={National Bureau of Economic Research}
}

@article{nechyba2004urban,
  title={Urban sprawl},
  author={Nechyba, Thomas J and Walsh, Randall P},
  journal={Journal of economic perspectives},
  volume={18},
  number={4},
  pages={177--200},
  year={2004}
}















































